@Manual{R-acepack,
  title = {acepack: ACE and AVAS for Selecting Multiple Regression Transformations},
  author = {Phil Spector and Jerome Friedman and Robert Tibshirani and Thomas Lumley and Shawn Garbett and Jonathan Baron},
  year = {2016},
  note = {R package version 1.4.1},
  url = {https://CRAN.R-project.org/package=acepack},
}
@Manual{R-assertthat,
  title = {assertthat: Easy Pre and Post Assertions},
  author = {Hadley Wickham},
  year = {2019},
  note = {R package version 0.2.1},
  url = {https://CRAN.R-project.org/package=assertthat},
}
@Manual{R-backports,
  title = {backports: Reimplementations of Functions Introduced Since R-3.0.0},
  author = {Michel Lang and {R Core Team}},
  year = {2019},
  note = {R package version 1.1.5},
  url = {https://CRAN.R-project.org/package=backports},
}
@Manual{R-base,
  title = {R: A Language and Environment for Statistical Computing},
  author = {{R Core Team}},
  organization = {R Foundation for Statistical Computing},
  address = {Vienna, Austria},
  year = {2019},
  url = {https://www.R-project.org/},
}
@Manual{R-base64enc,
  title = {base64enc: Tools for base64 encoding},
  author = {Simon Urbanek},
  year = {2015},
  note = {R package version 0.1-3},
  url = {https://CRAN.R-project.org/package=base64enc},
}
@Manual{R-bitops,
  title = {bitops: Bitwise Operations},
  author = {S original by Steve Dutky initial R port and extensions by Martin Maechler; revised and modified by Steve Dutky},
  year = {2013},
  note = {R package version 1.0-6},
  url = {https://CRAN.R-project.org/package=bitops},
}
@Manual{R-broom,
  title = {broom: Convert Statistical Analysis Objects into Tidy Tibbles},
  author = {David Robinson and Alex Hayes},
  year = {2019},
  note = {R package version 0.5.2},
  url = {https://CRAN.R-project.org/package=broom},
}
@Manual{R-cellranger,
  title = {cellranger: Translate Spreadsheet Cell Ranges to Rows and Columns},
  author = {Jennifer Bryan},
  year = {2016},
  note = {R package version 1.1.0},
  url = {https://CRAN.R-project.org/package=cellranger},
}
@Manual{R-checkmate,
  title = {checkmate: Fast and Versatile Argument Checks},
  author = {Michel Lang},
  year = {2019},
  note = {R package version 1.9.4},
  url = {https://CRAN.R-project.org/package=checkmate},
}
@Manual{R-cli,
  title = {cli: Helpers for Developing Command Line Interfaces},
  author = {Gábor Csárdi},
  year = {2019},
  note = {R package version 1.1.0},
  url = {https://CRAN.R-project.org/package=cli},
}
@Manual{R-cluster,
  title = {cluster: "Finding Groups in Data": Cluster Analysis Extended Rousseeuw et
al.},
  author = {Martin Maechler and Peter Rousseeuw and Anja Struyf and Mia Hubert},
  year = {2019},
  note = {R package version 2.1.0},
  url = {https://CRAN.R-project.org/package=cluster},
}
@Manual{R-codetools,
  title = {codetools: Code Analysis Tools for R},
  author = {Luke Tierney},
  year = {2018},
  note = {R package version 0.2-16},
  url = {https://CRAN.R-project.org/package=codetools},
}
@Manual{R-colorspace,
  title = {colorspace: A Toolbox for Manipulating and Assessing Colors and Palettes},
  author = {Ross Ihaka and Paul Murrell and Kurt Hornik and Jason C. Fisher and Reto Stauffer and Claus O. Wilke and Claire D. McWhite and Achim Zeileis},
  year = {2019},
  note = {R package version 1.4-1},
  url = {https://CRAN.R-project.org/package=colorspace},
}
@Manual{R-cowplot,
  title = {cowplot: Streamlined Plot Theme and Plot Annotations for 'ggplot2'},
  author = {Claus O. Wilke},
  year = {2019},
  note = {R package version 1.0.0},
  url = {https://CRAN.R-project.org/package=cowplot},
}
@Manual{R-crayon,
  title = {crayon: Colored Terminal Output},
  author = {Gábor Csárdi},
  year = {2017},
  note = {R package version 1.3.4},
  url = {https://CRAN.R-project.org/package=crayon},
}
@Manual{R-data.table,
  title = {data.table: Extension of `data.frame`},
  author = {Matt Dowle and Arun Srinivasan},
  year = {2019},
  note = {R package version 1.12.2},
  url = {https://CRAN.R-project.org/package=data.table},
}
@Manual{R-DBI,
  title = {DBI: R Database Interface},
  author = {{R Special Interest Group on Databases (R-SIG-DB)} and Hadley Wickham and Kirill Müller},
  year = {2018},
  note = {R package version 1.0.0},
  url = {https://CRAN.R-project.org/package=DBI},
}
@Manual{R-dbplyr,
  title = {dbplyr: A 'dplyr' Back End for Databases},
  author = {Hadley Wickham and Edgar Ruiz},
  year = {2019},
  note = {R package version 1.4.2},
  url = {https://CRAN.R-project.org/package=dbplyr},
}
@Manual{R-digest,
  title = {digest: Create Compact Hash Digests of R Objects},
  author = {Dirk Eddelbuettel with contributions by Antoine Lucas and Jarek Tuszynski and Henrik Bengtsson and Simon Urbanek and Mario Frasca and Bryan Lewis and Murray Stokely and Hannes Muehleisen and Duncan Murdoch and Jim Hester and Wush Wu and Qiang Kou and Thierry Onkelinx and Michel Lang and Viliam Simko and Kurt Hornik and Radford Neal and Kendon Bell and Matthew {de Queljoe} and Ion Suruceanu and Bill Denney.},
  year = {2019},
  note = {R package version 0.6.22},
  url = {https://CRAN.R-project.org/package=digest},
}
@Manual{R-dplyr,
  title = {dplyr: A Grammar of Data Manipulation},
  author = {Hadley Wickham and Romain François and Lionel Henry and Kirill Müller},
  year = {2019},
  note = {R package version 0.8.3},
  url = {https://CRAN.R-project.org/package=dplyr},
}
@Manual{R-ellipsis,
  title = {ellipsis: Tools for Working with ...},
  author = {Hadley Wickham},
  year = {2019},
  note = {R package version 0.3.0},
  url = {https://CRAN.R-project.org/package=ellipsis},
}
@Manual{R-evaluate,
  title = {evaluate: Parsing and Evaluation Tools that Provide More Details than the
Default},
  author = {Hadley Wickham and Yihui Xie},
  year = {2019},
  note = {R package version 0.14},
  url = {https://CRAN.R-project.org/package=evaluate},
}
@Manual{R-forcats,
  title = {forcats: Tools for Working with Categorical Variables (Factors)},
  author = {Hadley Wickham},
  year = {2019},
  note = {R package version 0.4.0},
  url = {https://CRAN.R-project.org/package=forcats},
}
@Manual{R-foreign,
  title = {foreign: Read Data Stored by 'Minitab', 'S', 'SAS', 'SPSS', 'Stata',
'Systat', 'Weka', 'dBase', ...},
  author = {{R Core Team}},
  year = {2019},
  note = {R package version 0.8-72},
  url = {https://CRAN.R-project.org/package=foreign},
}
@Manual{R-Formula,
  title = {Formula: Extended Model Formulas},
  author = {Achim Zeileis and Yves Croissant},
  year = {2018},
  note = {R package version 1.2-3},
  url = {https://CRAN.R-project.org/package=Formula},
}
@Manual{R-fs,
  title = {fs: Cross-Platform File System Operations Based on 'libuv'},
  author = {Jim Hester and Hadley Wickham},
  year = {2019},
  note = {R package version 1.3.1},
  url = {https://CRAN.R-project.org/package=fs},
}
@Manual{R-furrr,
  title = {furrr: Apply Mapping Functions in Parallel using Futures},
  author = {Davis Vaughan and Matt Dancho},
  year = {2018},
  note = {R package version 0.1.0},
  url = {https://CRAN.R-project.org/package=furrr},
}
@Manual{R-future,
  title = {future: Unified Parallel and Distributed Processing in R for Everyone},
  author = {Henrik Bengtsson},
  year = {2019},
  note = {R package version 1.14.0},
  url = {https://CRAN.R-project.org/package=future},
}
@Manual{R-generics,
  title = {generics: Common S3 Generics not Provided by Base R Methods Related to
Model Fitting},
  author = {Max Kuhn and Hadley Wickham and Davis Vaughan},
  year = {2018},
  note = {R package version 0.0.2},
  url = {https://CRAN.R-project.org/package=generics},
}
@Manual{R-ggmap,
  title = {ggmap: Spatial Visualization with ggplot2},
  author = {David Kahle and Hadley Wickham and Scott Jackson},
  year = {2019},
  note = {R package version 3.0.0},
  url = {https://CRAN.R-project.org/package=ggmap},
}
@Manual{R-ggplot2,
  title = {ggplot2: Create Elegant Data Visualisations Using the Grammar of Graphics},
  author = {Hadley Wickham and Winston Chang and Lionel Henry and Thomas Lin Pedersen and Kohske Takahashi and Claus Wilke and Kara Woo and Hiroaki Yutani},
  year = {2019},
  note = {R package version 3.2.1},
  url = {https://CRAN.R-project.org/package=ggplot2},
}
@Manual{R-globals,
  title = {globals: Identify Global Objects in R Expressions},
  author = {Henrik Bengtsson},
  year = {2018},
  note = {R package version 0.12.4},
  url = {https://CRAN.R-project.org/package=globals},
}
@Manual{R-glue,
  title = {glue: Interpreted String Literals},
  author = {Jim Hester},
  year = {2019},
  note = {R package version 1.3.1},
  url = {https://CRAN.R-project.org/package=glue},
}
@Manual{R-gridExtra,
  title = {gridExtra: Miscellaneous Functions for "Grid" Graphics},
  author = {Baptiste Auguie},
  year = {2017},
  note = {R package version 2.3},
  url = {https://CRAN.R-project.org/package=gridExtra},
}
@Manual{R-gtable,
  title = {gtable: Arrange 'Grobs' in Tables},
  author = {Hadley Wickham and Thomas Lin Pedersen},
  year = {2019},
  note = {R package version 0.3.0},
  url = {https://CRAN.R-project.org/package=gtable},
}
@Manual{R-haven,
  title = {haven: Import and Export 'SPSS', 'Stata' and 'SAS' Files},
  author = {Hadley Wickham and Evan Miller},
  year = {2019},
  note = {R package version 2.1.1},
  url = {https://CRAN.R-project.org/package=haven},
}
@Manual{R-Hmisc,
  title = {Hmisc: Harrell Miscellaneous},
  author = {Frank E {Harrell Jr} and with contributions from Charles Dupont and many others.},
  year = {2019},
  note = {R package version 4.2-0},
  url = {https://CRAN.R-project.org/package=Hmisc},
}
@Manual{R-hms,
  title = {hms: Pretty Time of Day},
  author = {Kirill Müller},
  year = {2019},
  note = {R package version 0.5.1},
  url = {https://CRAN.R-project.org/package=hms},
}
@Manual{R-htmlTable,
  title = {htmlTable: Advanced Tables for Markdown/HTML},
  author = {Max Gordon and Stephen Gragg and Peter Konings},
  year = {2019},
  note = {R package version 1.13.2},
  url = {https://CRAN.R-project.org/package=htmlTable},
}
@Manual{R-htmltools,
  title = {htmltools: Tools for HTML},
  author = {{RStudio} and {Inc.}},
  year = {2017},
  note = {R package version 0.3.6},
  url = {https://CRAN.R-project.org/package=htmltools},
}
@Manual{R-htmlwidgets,
  title = {htmlwidgets: HTML Widgets for R},
  author = {Ramnath Vaidyanathan and Yihui Xie and JJ Allaire and Joe Cheng and Kenton Russell},
  year = {2018},
  note = {R package version 1.3},
  url = {https://CRAN.R-project.org/package=htmlwidgets},
}
@Manual{R-httr,
  title = {httr: Tools for Working with URLs and HTTP},
  author = {Hadley Wickham},
  year = {2019},
  note = {R package version 1.4.1},
  url = {https://CRAN.R-project.org/package=httr},
}
@Manual{R-jpeg,
  title = {jpeg: Read and write JPEG images},
  author = {Simon Urbanek},
  year = {2014},
  note = {R package version 0.1-8},
  url = {https://CRAN.R-project.org/package=jpeg},
}
@Manual{R-jsonlite,
  title = {jsonlite: A Robust, High Performance JSON Parser and Generator for R},
  author = {Jeroen Ooms and Duncan {Temple Lang} and Lloyd Hilaiel},
  year = {2018},
  note = {R package version 1.6},
  url = {https://CRAN.R-project.org/package=jsonlite},
}
@Manual{R-knitr,
  title = {knitr: A General-Purpose Package for Dynamic Report Generation in R},
  author = {Yihui Xie},
  year = {2019},
  note = {R package version 1.25},
  url = {https://CRAN.R-project.org/package=knitr},
}
@Manual{R-lattice,
  title = {lattice: Trellis Graphics for R},
  author = {Deepayan Sarkar},
  year = {2018},
  note = {R package version 0.20-38},
  url = {https://CRAN.R-project.org/package=lattice},
}
@Manual{R-latticeExtra,
  title = {latticeExtra: Extra Graphical Utilities Based on Lattice},
  author = {Deepayan Sarkar and Felix Andrews},
  year = {2016},
  note = {R package version 0.6-28},
  url = {https://CRAN.R-project.org/package=latticeExtra},
}
@Manual{R-lazyeval,
  title = {lazyeval: Lazy (Non-Standard) Evaluation},
  author = {Hadley Wickham},
  year = {2019},
  note = {R package version 0.2.2},
  url = {https://CRAN.R-project.org/package=lazyeval},
}
@Manual{R-lifecycle,
  title = {lifecycle: Manage the Life Cycle of your Package Functions},
  author = {Lionel Henry},
  year = {2019},
  note = {R package version 0.1.0},
  url = {https://CRAN.R-project.org/package=lifecycle},
}
@Manual{R-listenv,
  title = {listenv: Environments Behaving (Almost) as Lists},
  author = {Henrik Bengtsson},
  year = {2018},
  note = {R package version 0.7.0},
  url = {https://CRAN.R-project.org/package=listenv},
}
@Manual{R-lubridate,
  title = {lubridate: Make Dealing with Dates a Little Easier},
  author = {Vitalie Spinu and Garrett Grolemund and Hadley Wickham},
  year = {2018},
  note = {R package version 1.7.4},
  url = {https://CRAN.R-project.org/package=lubridate},
}
@Manual{R-magrittr,
  title = {magrittr: A Forward-Pipe Operator for R},
  author = {Stefan Milton Bache and Hadley Wickham},
  year = {2014},
  note = {R package version 1.5},
  url = {https://CRAN.R-project.org/package=magrittr},
}
@Manual{R-maps,
  title = {maps: Draw Geographical Maps},
  author = {Original S code by Richard A. Becker and Allan R. Wilks. R version by Ray Brownrigg. Enhancements by Thomas P Minka and Alex Deckmyn.},
  year = {2018},
  note = {R package version 3.3.0},
  url = {https://CRAN.R-project.org/package=maps},
}
@Manual{R-maptools,
  title = {maptools: Tools for Handling Spatial Objects},
  author = {Roger Bivand and Nicholas Lewin-Koh},
  year = {2019},
  note = {R package version 0.9-5},
  url = {https://CRAN.R-project.org/package=maptools},
}
@Manual{R-Matrix,
  title = {Matrix: Sparse and Dense Matrix Classes and Methods},
  author = {Douglas Bates and Martin Maechler},
  year = {2019},
  note = {R package version 1.2-17},
  url = {https://CRAN.R-project.org/package=Matrix},
}
@Manual{R-modelr,
  title = {modelr: Modelling Functions that Work with the Pipe},
  author = {Hadley Wickham},
  year = {2019},
  note = {R package version 0.1.5},
  url = {https://CRAN.R-project.org/package=modelr},
}
@Manual{R-munsell,
  title = {munsell: Utilities for Using Munsell Colours},
  author = {Charlotte Wickham},
  year = {2018},
  note = {R package version 0.5.0},
  url = {https://CRAN.R-project.org/package=munsell},
}
@Manual{R-nlme,
  title = {nlme: Linear and Nonlinear Mixed Effects Models},
  author = {José Pinheiro and Douglas Bates and {R-core}},
  year = {2019},
  note = {R package version 3.1-141},
  url = {https://CRAN.R-project.org/package=nlme},
}
@Manual{R-nnet,
  title = {nnet: Feed-Forward Neural Networks and Multinomial Log-Linear Models},
  author = {Brian Ripley},
  year = {2016},
  note = {R package version 7.3-12},
  url = {https://CRAN.R-project.org/package=nnet},
}
@Manual{R-pillar,
  title = {pillar: Coloured Formatting for Columns},
  author = {Kirill Müller and Hadley Wickham},
  year = {2019},
  note = {R package version 1.4.2},
  url = {https://CRAN.R-project.org/package=pillar},
}
@Manual{R-pkgconfig,
  title = {pkgconfig: Private Configuration for 'R' Packages},
  author = {Gábor Csárdi},
  year = {2019},
  note = {R package version 2.0.3},
  url = {https://CRAN.R-project.org/package=pkgconfig},
}
@Manual{R-plyr,
  title = {plyr: Tools for Splitting, Applying and Combining Data},
  author = {Hadley Wickham},
  year = {2016},
  note = {R package version 1.8.4},
  url = {https://CRAN.R-project.org/package=plyr},
}
@Manual{R-png,
  title = {png: Read and write PNG images},
  author = {Simon Urbanek},
  year = {2013},
  note = {R package version 0.1-7},
  url = {https://CRAN.R-project.org/package=png},
}
@Manual{R-purrr,
  title = {purrr: Functional Programming Tools},
  author = {Lionel Henry and Hadley Wickham},
  year = {2019},
  note = {R package version 0.3.3},
  url = {https://CRAN.R-project.org/package=purrr},
}
@Manual{R-R6,
  title = {R6: Encapsulated Classes with Reference Semantics},
  author = {Winston Chang},
  year = {2019},
  note = {R package version 2.4.0},
  url = {https://CRAN.R-project.org/package=R6},
}
@Manual{R-raster,
  title = {raster: Geographic Data Analysis and Modeling},
  author = {Robert J. Hijmans},
  year = {2019},
  note = {R package version 3.0-7},
  url = {https://CRAN.R-project.org/package=raster},
}
@Manual{R-RColorBrewer,
  title = {RColorBrewer: ColorBrewer Palettes},
  author = {Erich Neuwirth},
  year = {2014},
  note = {R package version 1.1-2},
  url = {https://CRAN.R-project.org/package=RColorBrewer},
}
@Manual{R-Rcpp,
  title = {Rcpp: Seamless R and C++ Integration},
  author = {Dirk Eddelbuettel and Romain Francois and JJ Allaire and Kevin Ushey and Qiang Kou and Nathan Russell and Douglas Bates and John Chambers},
  year = {2019},
  note = {R package version 1.0.3},
  url = {https://CRAN.R-project.org/package=Rcpp},
}
@Manual{R-readr,
  title = {readr: Read Rectangular Text Data},
  author = {Hadley Wickham and Jim Hester and Romain Francois},
  year = {2018},
  note = {R package version 1.3.1},
  url = {https://CRAN.R-project.org/package=readr},
}
@Manual{R-readxl,
  title = {readxl: Read Excel Files},
  author = {Hadley Wickham and Jennifer Bryan},
  year = {2019},
  note = {R package version 1.3.1},
  url = {https://CRAN.R-project.org/package=readxl},
}
@Manual{R-reprex,
  title = {reprex: Prepare Reproducible Example Code via the Clipboard},
  author = {Jennifer Bryan and Jim Hester and David Robinson and Hadley Wickham},
  year = {2019},
  note = {R package version 0.3.0},
  url = {https://CRAN.R-project.org/package=reprex},
}
@Manual{R-rgdal,
  title = {rgdal: Bindings for the 'Geospatial' Data Abstraction Library},
  author = {Roger Bivand and Tim Keitt and Barry Rowlingson},
  year = {2019},
  note = {R package version 1.4-6},
  url = {https://CRAN.R-project.org/package=rgdal},
}
@Manual{R-rgeos,
  title = {rgeos: Interface to Geometry Engine - Open Source ('GEOS')},
  author = {Roger Bivand and Colin Rundel},
  year = {2019},
  note = {R package version 0.5-1},
  url = {https://CRAN.R-project.org/package=rgeos},
}
@Manual{R-RgoogleMaps,
  title = {RgoogleMaps: Overlays on Static Maps},
  author = {Markus Loecher},
  year = {2019},
  note = {R package version 1.4.4},
  url = {https://CRAN.R-project.org/package=RgoogleMaps},
}
@Manual{R-rjson,
  title = {rjson: JSON for R},
  author = {Alex Couture-Beil},
  year = {2018},
  note = {R package version 0.2.20},
  url = {https://CRAN.R-project.org/package=rjson},
}
@Manual{R-rlang,
  title = {rlang: Functions for Base Types and Core R and 'Tidyverse' Features},
  author = {Lionel Henry and Hadley Wickham},
  year = {2019},
  note = {R package version 0.4.1},
  url = {https://CRAN.R-project.org/package=rlang},
}
@Manual{R-rpart,
  title = {rpart: Recursive Partitioning and Regression Trees},
  author = {Terry Therneau and Beth Atkinson},
  year = {2019},
  note = {R package version 4.1-15},
  url = {https://CRAN.R-project.org/package=rpart},
}
@Manual{R-rsample,
  title = {rsample: General Resampling Infrastructure},
  author = {Max Kuhn and Fanny Chow and Hadley Wickham},
  year = {2019},
  note = {R package version 0.0.5},
  url = {https://CRAN.R-project.org/package=rsample},
}
@Manual{R-rstudioapi,
  title = {rstudioapi: Safely Access the RStudio API},
  author = {Kevin Ushey and JJ Allaire and Hadley Wickham and Gary Ritchie},
  year = {2019},
  note = {R package version 0.10},
  url = {https://CRAN.R-project.org/package=rstudioapi},
}
@Manual{R-rvest,
  title = {rvest: Easily Harvest (Scrape) Web Pages},
  author = {Hadley Wickham},
  year = {2019},
  note = {R package version 0.3.5},
  url = {https://CRAN.R-project.org/package=rvest},
}
@Manual{R-scales,
  title = {scales: Scale Functions for Visualization},
  author = {Hadley Wickham},
  year = {2018},
  note = {R package version 1.0.0},
  url = {https://CRAN.R-project.org/package=scales},
}
@Manual{R-sp,
  title = {sp: Classes and Methods for Spatial Data},
  author = {Edzer Pebesma and Roger Bivand},
  year = {2018},
  note = {R package version 1.3-1},
  url = {https://CRAN.R-project.org/package=sp},
}
@Manual{R-stringi,
  title = {stringi: Character String Processing Facilities},
  author = {Marek Gagolewski and Bartek Tartanus and and other contributors; IBM and {Unicode} and {Inc.} and other contributors; Unicode and {Inc.}},
  year = {2019},
  note = {R package version 1.4.3},
  url = {https://CRAN.R-project.org/package=stringi},
}
@Manual{R-stringr,
  title = {stringr: Simple, Consistent Wrappers for Common String Operations},
  author = {Hadley Wickham},
  year = {2019},
  note = {R package version 1.4.0},
  url = {https://CRAN.R-project.org/package=stringr},
}
@Manual{R-survival,
  title = {survival: Survival Analysis},
  author = {Terry M Therneau},
  year = {2019},
  note = {R package version 2.44-1.1},
  url = {https://CRAN.R-project.org/package=survival},
}
@Manual{R-tibble,
  title = {tibble: Simple Data Frames},
  author = {Kirill Müller and Hadley Wickham},
  year = {2019},
  note = {R package version 2.1.3},
  url = {https://CRAN.R-project.org/package=tibble},
}
@Manual{R-tidyr,
  title = {tidyr: Tidy Messy Data},
  author = {Hadley Wickham and Lionel Henry},
  year = {2019},
  note = {R package version 1.0.0},
  url = {https://CRAN.R-project.org/package=tidyr},
}
@Manual{R-tidyselect,
  title = {tidyselect: Select from a Set of Strings},
  author = {Lionel Henry and Hadley Wickham},
  year = {2018},
  note = {R package version 0.2.5},
  url = {https://CRAN.R-project.org/package=tidyselect},
}
@Manual{R-tidyverse,
  title = {tidyverse: Easily Install and Load the 'Tidyverse'},
  author = {Hadley Wickham},
  year = {2019},
  note = {http://tidyverse.tidyverse.org,
https://github.com/tidyverse/tidyverse},
}
@Manual{R-vctrs,
  title = {vctrs: Vector Helpers},
  author = {Hadley Wickham and Lionel Henry and Davis Vaughan},
  year = {2019},
  note = {R package version 0.2.0.9007},
  url = {https://github.com/r-lib/vctrs},
}
@Manual{R-withr,
  title = {withr: Run Code 'With' Temporarily Modified Global State},
  author = {Jim Hester and Kirill Müller and Kevin Ushey and Hadley Wickham and Winston Chang},
  year = {2018},
  note = {R package version 2.1.2},
  url = {https://CRAN.R-project.org/package=withr},
}
@Manual{R-xfun,
  title = {xfun: Miscellaneous Functions by 'Yihui Xie'},
  author = {Yihui Xie},
  year = {2019},
  note = {R package version 0.10},
  url = {https://CRAN.R-project.org/package=xfun},
}
@Manual{R-xml2,
  title = {xml2: Parse XML},
  author = {Hadley Wickham and Jim Hester and Jeroen Ooms},
  year = {2019},
  note = {R package version 1.2.2},
  url = {https://CRAN.R-project.org/package=xml2},
}
@Manual{R-xtable,
  title = {xtable: Export Tables to LaTeX or HTML},
  author = {David B. Dahl and David Scott and Charles Roosen and Arni Magnusson and Jonathan Swinton},
  year = {2019},
  note = {R package version 1.8-4},
  url = {https://CRAN.R-project.org/package=xtable},
}
@Manual{R-zeallot,
  title = {zeallot: Multiple, Unpacking, and Destructuring Assignment},
  author = {Nathan Teetor},
  year = {2018},
  note = {R package version 0.1.0},
  url = {https://CRAN.R-project.org/package=zeallot},
}
